@inproceedings{Reynolds1974TowardsAT,
  title={Towards a theory of type structure},
  author={John C. Reynolds},
  booktitle={Symposium on Programming},
  year={1974},
  url={https://api.semanticscholar.org/CorpusID:30450751}
}

@inbook{10.5555/162552.162561,
author = {Barendregt, H. P.},
title = {Lambda calculi with types},
year = {1993},
isbn = {0198537611},
publisher = {Oxford University Press, Inc.},
address = {USA},
booktitle = {Handbook of Logic in Computer Science (Vol. 2): Background: Computational Structures},
pages = {117–309},
numpages = {193}
}

@book            {Pierce:TypeSystems,
author       =   "Benjamin C. Pierce",
title        =   "Types and Programming Languages",
publisher    =   "MIT Press",
year         =   2002,
plclub       =   yes,
bcp          =   yes,
keys         =   "books",
homepage     =   "http://www.cis.upenn.edu/~bcpierce/tapl",
errata       =   "http://www.cis.upenn.edu/~bcpierce/tapl/errata.txt",
}

@manual{Coq,
  title        = {The Coq Proof Assistant Reference Manual},
  author       = {{The Coq Development Team}},
  organization = {Inria},
  address      = {France},
  year         = {2024},
  url          = {https://coq.inria.fr/documentation},
  note         = {Accessed: 2024-06-02}
}

@book{DBLP:series/txtcs/BertotC04,
  author       = {Yves Bertot and
                  Pierre Cast{\'{e}}ran},
  title        = {Interactive Theorem Proving and Program Development - Coq'Art: The
                  Calculus of Inductive Constructions},
  series       = {Texts in Theoretical Computer Science. An {EATCS} Series},
  publisher    = {Springer},
  year         = {2004},
  url          = {https://doi.org/10.1007/978-3-662-07964-5},
  doi          = {10.1007/978-3-662-07964-5},
  isbn         = {978-3-642-05880-6},
  timestamp    = {Tue, 16 May 2017 14:24:38 +0200},
  biburl       = {https://dblp.org/rec/series/txtcs/BertotC04.bib},
  bibsource    = {dblp computer science bibliography, https://dblp.org}
}

@misc{10779,
    title = {Type safety for system F with Coq},
    author = {Kouarfate, Wène Olivier},
    year = {2024},
    note = {\url{https://gitlab.unige.ch/Wene.Kouarfate/type-safety-for-system-f-with-coq}}
}

@misc{coq-stdlib,
  title = {The Coq Standard Library},
  howpublished = {Distributed with the Coq system},
  url = {https://coq.inria.fr/doc/V8.18.0/stdlib/},
}